@article{aoki_2018,
  author     = {青木 利晃},
  doi        = {10.11509/isciesci.62.4_134},
  journal    = {システム／制御／情報},
  number     = {4},
  pages      = {134-140},
  title      = {車載システム開発における形式手法実践の現状と課題},
  volume     = {62},
  year       = {2018},
  bdsk-url-1 = {https://doi.org/10.11509/isciesci.62.4_134}
}
@misc{reid_2020,
  title         = {Towards making formal methods normal: meeting developers where they are},
  author        = {Alastair Reid and Luke Church and Shaked Flur and Sarah de Haas and Maritza Johnson and Ben Laurie},
  year          = {2020},
  eprint        = {2010.16345},
  archiveprefix = {arXiv},
  primaryclass  = {cs.LO}
}
@misc{huisman_2022,
  title         = {Formal Methods: From Academia to Industrial Practice. A Travel Guide},
  author        = {Marieke Huisman and Dilian Gurov and Alexander Malkis},
  year          = {2022},
  eprint        = {2002.07279},
  archiveprefix = {arXiv},
  primaryclass  = {cs.SE}
}
@article{ohnishi_2020,
  author  = {大西,孝臣 and 吉村,斎 and 阿部,司 and 稲川,清 and 山本,椋太 and 堀,武司},
  title   = {工業高等専門学校の学生に対する形式手法B-Methodの学生実験の実践},
  journal = {情報処理学会論文誌},
  year    = {2020},
  volume  = {61},
  number  = {4},
  pages   = {863--883},
  month   = {apr}
}
@article{bertopic,
  title   = {BERTopic: Neural topic modeling with a class-based TF-IDF procedure},
  author  = {Grootendorst, Maarten},
  journal = {arXiv preprint arXiv:2203.05794},
  year    = {2022}
}
